<?xml version="1.0" encoding="UTF-8" ?><xb:digital_entity_call xmlns:xb="http://com/exlibris/digitool/repository/api/xmlbeans"><xb:digital_entity><pid>128460</pid><control><label>Komarkova,Petra-DP</label><note>FFUK</note><ingest_id xsi:nil="true" xmlns:xsi="http://www.w3.org/2001/XMLSchema-instance"/><ingest_name xsi:nil="true" xmlns:xsi="http://www.w3.org/2001/XMLSchema-instance"/><entity_type>COMPLEX</entity_type><entity_group xsi:nil="true" xmlns:xsi="http://www.w3.org/2001/XMLSchema-instance"/><usage_type>VIEW_MAIN</usage_type><preservation_level>any</preservation_level><partition_a xsi:nil="true" xmlns:xsi="http://www.w3.org/2001/XMLSchema-instance"/><partition_b>ckis_ok</partition_b><partition_c xsi:nil="true" xmlns:xsi="http://www.w3.org/2001/XMLSchema-instance"/><status xsi:nil="true" xmlns:xsi="http://www.w3.org/2001/XMLSchema-instance"/><creation_date>2010-05-26 22:19:24</creation_date><creator>super:BVLA</creator><modification_date>2018-01-30 15:52:37</modification_date><modified_by>super:DUVT</modified_by><admin_unit>DUR01</admin_unit></control><mds><md shared="true"><mid>309063</mid><description> </description><name>accessrights</name><type>rights_md</type><value><![CDATA[<?xml version="1.0" encoding="UTF-8"?><ar:access_right_md xmlns:ar="http://com/exlibris/digitool/repository/api/xmlbeans" enabled="true">	<ar_copyrights required="true">		<text_file>licence</text_file>	</ar_copyrights>	<ar_conditions>		<ar_condition negate="false">			<ar_expressions>				<ar_expression negate="false" ar_operation="within">					<key>ip_range</key>					<val1>195.113.89.0</val1>					<val2>195.113.93.255</val2>				</ar_expression>			</ar_expressions>		</ar_condition>		<ar_condition negate="false">			<ar_expressions>				<ar_expression negate="false" ar_operation="within">					<key>ip_range</key>					<val1>195.113.0.0</val1>					<val2>195.113.66.255</val2>				</ar_expression>			</ar_expressions>		</ar_condition>		<ar_condition negate="false">			<ar_expressions>				<ar_expression negate="false" ar_operation="within">					<key>ip_range</key>					<val1>78.128.160.0</val1>					<val2>78.128.207.255</val2>				</ar_expression>			</ar_expressions>		</ar_condition>		<ar_condition negate="false">			<ar_expressions>				<ar_expression negate="false" ar_operation="within">					<key>ip_range</key>					<val1>195.113.0.0</val1>					<val2>195.113.69.255</val2>				</ar_expression>			</ar_expressions>		</ar_condition>		<ar_condition negate="false">			<ar_expressions>				<ar_expression negate="false" ar_operation="within">					<key>ip_range</key>					<val1>195.113.114.0</val1>					<val2>195.113.117.255</val2>				</ar_expression>			</ar_expressions>		</ar_condition>		<ar_condition negate="false">			<ar_expressions>				<ar_expression negate="false" ar_operation="within">					<key>ip_range</key>					<val1>195.113.130.0</val1>					<val2>195.113.131.255</val2>				</ar_expression>			</ar_expressions>		</ar_condition>		<ar_condition negate="false">			<ar_expressions>				<ar_expression negate="false" ar_operation="within">					<key>ip_range</key>					<val1>195.113.149.132</val1>					<val2>195.113.149.135</val2>				</ar_expression>			</ar_expressions>		</ar_condition>		<ar_condition negate="false">			<ar_expressions>				<ar_expression negate="false" ar_operation="within">					<key>ip_range</key>					<val1>195.113.149.176</val1>					<val2>195.113.149.183</val2>				</ar_expression>			</ar_expressions>		</ar_condition>		<ar_condition negate="false">			<ar_expressions>				<ar_expression negate="false" ar_operation="within">					<key>ip_range</key>					<val1>195.113.187.240</val1>					<val2>195.113.187.251</val2>				</ar_expression>			</ar_expressions>		</ar_condition>		<ar_condition negate="false">			<ar_expressions>				<ar_expression negate="false" ar_operation="within">					<key>ip_range</key>					<val1>195.113.189.0</val1>					<val2>195.113.189.255</val2>				</ar_expression>			</ar_expressions>		</ar_condition>		<ar_condition negate="false">			<ar_expressions>				<ar_expression negate="false" ar_operation="within">					<key>ip_range</key>					<val1>195.113.223.0</val1>					<val2>195.113.223.255</val2>				</ar_expression>			</ar_expressions>		</ar_condition>		<ar_condition negate="false">			<ar_expressions>				<ar_expression negate="false" ar_operation="within">					<key>ip_range</key>					<val1>195.113.229.0</val1>					<val2>195.113.229.255</val2>				</ar_expression>			</ar_expressions>		</ar_condition>		<ar_condition negate="false">			<ar_expressions>				<ar_expression negate="false" ar_operation="within">					<key>ip_range</key>					<val1>195.113.236.0</val1>					<val2>195.113.236.255</val2>				</ar_expression>			</ar_expressions>		</ar_condition>		<ar_condition negate="false">			<ar_expressions>				<ar_expression negate="false" ar_operation="within">					<key>bor_tuples_m</key>					<val1>student</val1>				</ar_expression>			</ar_expressions>		</ar_condition>		<ar_condition negate="false"><ar_expressions><ar_expression negate="false" ar_operation="within"><key>ip_range</key><val1>78.128.2014.96</val1><val2>78.128.214.111</val2></ar_expression></ar_expressions></ar_condition><ar_condition negate="false"><ar_expressions><ar_expression negate="false" ar_operation="within"><key>ip_range</key><val1>193.84.53.0</val1><val2>193.84.53.255</val2></ar_expression></ar_expressions></ar_condition><ar_condition negate="false"><ar_expressions><ar_expression negate="false" ar_operation="within"><key>ip_range</key><val1>78.128.208.0</val1><val2>78.128.209.127</val2></ar_expression></ar_expressions></ar_condition><ar_condition negate="false"><ar_expressions><ar_expression negate="false" ar_operation="within"><key>ip_range</key><val1>78.128.214.66</val1><val2>78.128.214.67</val2></ar_expression></ar_expressions></ar_condition><ar_condition negate="false"><ar_expressions><ar_expression negate="false" ar_operation="within"><key>ip_range</key><val1>195.113.245.0</val1><val2>195.113.245.255</val2></ar_expression></ar_expressions></ar_condition><ar_condition negate="false"><ar_expressions><ar_expression negate="false" ar_operation="within"><key>ip_range</key><val1>195.113.180.160</val1><val2>195.113.180.167</val2></ar_expression></ar_expressions></ar_condition><ar_condition negate="false"><ar_expressions><ar_expression negate="false" ar_operation="within"><key>ip_range</key><val1>193.84.55.0</val1><val2>193.84.63.255</val2></ar_expression></ar_expressions></ar_condition></ar_conditions></ar:access_right_md>]]></value></md><md shared="false"><mid>239605</mid><description> </description><name>descriptive</name><type>marc</type><value><![CDATA[<record xmlns="http://www.loc.gov/MARC21/slim" xmlns:xsi="http://www.w3.org/2001/XMLSchema-instance" xsi:schemaLocation="http://www.loc.gov/MARC21/slim http://www.loc.gov/standards/marcxml/schema/MARC21slim.xsd"><leader>02249ctm a22003257a 4500</leader><controlfield tag="001">000780181</controlfield><controlfield tag="003">CZ PrCU</controlfield><controlfield tag="005">20100526214838.0</controlfield><controlfield tag="008">030423s2002    xr |||||r|||||||||||cze|d</controlfield><datafield tag="040" ind1=" " ind2=" "><subfield code="a">ABD001</subfield><subfield code="b">cze</subfield><subfield code="c">ABD001</subfield><subfield code="d">ABD001</subfield></datafield><datafield tag="041" ind1="0" ind2=" "><subfield code="a">cze</subfield></datafield><datafield tag="100" ind1="1" ind2=" "><subfield code="a">Komárková, Petra</subfield><subfield code="4">dis</subfield></datafield><datafield tag="245" ind1="1" ind2="0"><subfield code="a">Vzdělávání pracovníků linek důvěry</subfield><subfield code="h">[rukopis] /</subfield><subfield code="c">Petra Komárková ; ved. dipl. práce Ivana Šnýdrová</subfield></datafield><datafield tag="260" ind1=" " ind2=" "><subfield code="a">Praha,</subfield><subfield code="c">2002</subfield></datafield><datafield tag="300" ind1=" " ind2=" "><subfield code="a">89 s., příl.</subfield></datafield><datafield tag="500" ind1=" " ind2=" "><subfield code="a">Soupis bibliogr. citací s. 81-82</subfield></datafield><datafield tag="500" ind1=" " ind2=" "><subfield code="a">Přílohy s. 84-89</subfield></datafield><datafield tag="502" ind1=" " ind2=" "><subfield code="a">Diplomová práce (Mgr.)--Univerzita Karlova. Filozofická fakulta. Katedra andragogiky a personálního řízení, 2002</subfield></datafield><datafield tag="504" ind1=" " ind2=" "><subfield code="a">Obsahuje bibliografii na s.81-83</subfield></datafield><datafield tag="520" ind1=" " ind2=" "><subfield code="a">V našem životě, stejně jako v životě každého člověka, se střídají období, kdy se nám daří poměrně dobře, s těmi horšími, těžšími, s obdobími krize. Krizi považujeme zpravidla za bolestnou, ohrožující událost, a snažíme se jí vyhnout. Zároveň po jejím překonání se často cítíme obohacení, změnění, zkušenější. Její prožívání je velmi náročné. Krizové stavy a nezvladatelné situace znali lidé odnepaměti. Vypořádávali se s nimi s pomocí svých rodin, blízkých, duchovních nebo jiných autorit. Tradiční společnost znala krize a měla i předepsané cesty k jejich vyřešení. Souvisely s rituály, jednoznačně stanovenými rolemi, pravidly života. Společnost s postupem času odbourala tyto pevné a předpověditelné struktury, ale zároveň s nimi odešlyi jasně dané způsoby zpracování bolestných situací. Člověk v naší moderní společnosti je tak daleko víc vystaven stresu, nejistotě, nečekaným událostem. Jejich zvládnutí závisí nejen na něm samotném, ale ve značné míře také na blízkých lidech, které má kolem sebe. Často se stává, že žije obklopený lidmi, ale v těžké situaci se cítí sám. V takové chvíli se může obracet na odborníka.</subfield><subfield code="9">cze</subfield></datafield><datafield tag="650" ind1="0" ind2="7"><subfield code="a">Linka důvěry</subfield><subfield code="2">phffuk</subfield></datafield><datafield tag="650" ind1="0" ind2="7"><subfield code="a">Psychoterapeuti</subfield><subfield code="2">phffuk</subfield></datafield><datafield tag="650" ind1="0" ind2="7"><subfield code="a">Vzdělávání dospělých</subfield><subfield code="2">phffuk</subfield></datafield><datafield tag="655" ind1=" " ind2="7"><subfield code="a">diplomové práce</subfield><subfield code="2">czenas</subfield></datafield><datafield tag="700" ind1="1" ind2=" "><subfield code="a">Šnýdrová, Ivana,</subfield><subfield code="d">1947-</subfield><subfield code="7">jo20010082946</subfield><subfield code="4">ths</subfield></datafield><datafield tag="710" ind1="2" ind2=" "><subfield code="a">Univerzita Karlova.</subfield><subfield code="b">Katedra andragogiky a personálního řízení</subfield><subfield code="7">kn20030514003</subfield><subfield code="4">dgg</subfield></datafield><datafield tag="910" ind1=" " ind2=" "><subfield code="a">ABD001</subfield></datafield><datafield tag="981" ind1=" " ind2=" "><subfield code="a">dp</subfield></datafield><datafield tag="980" ind1=" " ind2=" "><subfield code="a">application.pdf</subfield></datafield><controlfield tag="998">000780181</controlfield><datafield tag="SID" ind1=" " ind2=" "><subfield code="a">Z39</subfield><subfield code="b">CKS01</subfield></datafield><controlfield tag="FMT">BK</controlfield></record>]]></value></md></mds><relations><relation><type>include</type><pid>125618</pid></relation><relation><type>include</type><pid>125616</pid></relation><relation><type>include</type><pid>125617</pid></relation><relation><type>manifestation</type><pid>530085</pid></relation></relations><stream_ref><file_name xsi:nil="true" xmlns:xsi="http://www.w3.org/2001/XMLSchema-instance"/><file_extension xsi:nil="true" xmlns:xsi="http://www.w3.org/2001/XMLSchema-instance"/><mime_type xsi:nil="true" xmlns:xsi="http://www.w3.org/2001/XMLSchema-instance"/><directory_path xsi:nil="true" xmlns:xsi="http://www.w3.org/2001/XMLSchema-instance"/><file_id xsi:nil="true" xmlns:xsi="http://www.w3.org/2001/XMLSchema-instance"/><storage_id>-1</storage_id><external_type>0</external_type><file_size_bytes>0</file_size_bytes></stream_ref></xb:digital_entity></xb:digital_entity_call>